[gd_scene load_steps=10 format=2]

[sub_resource type="CubeMesh" id=12]

[sub_resource type="SpatialMaterial" id=15]
albedo_color = Color( 0.858824, 0.917647, 0.862745, 1 )

[sub_resource type="BoxShape" id=1]

[sub_resource type="SpatialMaterial" id=16]
albedo_color = Color( 0.113725, 0.639216, 0.14902, 1 )

[sub_resource type="BoxShape" id=7]

[sub_resource type="SpatialMaterial" id=17]
albedo_color = Color( 0.360784, 0.937255, 0.4, 1 )

[sub_resource type="SpatialMaterial" id=18]
albedo_color = Color( 0.0196078, 0.501961, 0.0509804, 1 )

[sub_resource type="SpatialMaterial" id=14]
albedo_color = Color( 0.556863, 0.882353, 0.576471, 1 )

[sub_resource type="SpatialMaterial" id=13]
albedo_color = Color( 0.321569, 0.423529, 0.32549, 1 )

[node name="Spatial" type="Spatial"]

[node name="MeshInstance1" type="MeshInstance" parent="."]
transform = Transform( 1, 0, 0, 0, 1, 0, 0, 0, 1, -1, 0, -6 )
mesh = SubResource( 12 )
material/0 = SubResource( 15 )

[node name="StaticBody" type="StaticBody" parent="MeshInstance1"]
collision_layer = 4
collision_mask = 0

[node name="CollisionShape" type="CollisionShape" parent="MeshInstance1/StaticBody"]
shape = SubResource( 1 )

[node name="MeshInstance2" type="MeshInstance" parent="."]
transform = Transform( 1, 0, 0, 0, 1, 0, 0, 0, 1, -8, 0, 0 )
mesh = SubResource( 12 )
skeleton = NodePath("StaticBody")
material/0 = SubResource( 16 )

[node name="StaticBody" type="StaticBody" parent="MeshInstance2"]
collision_layer = 4
collision_mask = 0

[node name="CollisionShape" type="CollisionShape" parent="MeshInstance2/StaticBody"]
shape = SubResource( 7 )

[node name="MeshInstance3" type="MeshInstance" parent="."]
transform = Transform( 1, 0, 0, 0, 1, 0, 0, 0, 1, -8, 0, 6 )
mesh = SubResource( 12 )
skeleton = NodePath("StaticBody")
material/0 = SubResource( 17 )

[node name="StaticBody" type="StaticBody" parent="MeshInstance3"]
collision_layer = 4
collision_mask = 0

[node name="CollisionShape" type="CollisionShape" parent="MeshInstance3/StaticBody"]
shape = SubResource( 7 )

[node name="MeshInstance4" type="MeshInstance" parent="."]
transform = Transform( 1, 0, 0, 0, 1, 0, 0, 0, 1, -16, 0, 6 )
mesh = SubResource( 12 )
skeleton = NodePath("StaticBody")
material/0 = SubResource( 18 )

[node name="StaticBody" type="StaticBody" parent="MeshInstance4"]
collision_layer = 4
collision_mask = 0

[node name="CollisionShape" type="CollisionShape" parent="MeshInstance4/StaticBody"]
shape = SubResource( 7 )

[node name="MeshInstance5" type="MeshInstance" parent="."]
transform = Transform( 1, 0, 0, 0, 1, 0, 0, 0, 1, -16, 0, -13 )
mesh = SubResource( 12 )
skeleton = NodePath("StaticBody")
material/0 = SubResource( 14 )

[node name="StaticBody" type="StaticBody" parent="MeshInstance5"]
collision_layer = 4
collision_mask = 0

[node name="CollisionShape" type="CollisionShape" parent="MeshInstance5/StaticBody"]
shape = SubResource( 7 )

[node name="MeshInstance6" type="MeshInstance" parent="."]
transform = Transform( 1, 0, 0, 0, 1, 0, 0, 0, 1, -16, 0, 0 )
mesh = SubResource( 12 )
skeleton = NodePath("StaticBody")
material/0 = SubResource( 13 )

[node name="StaticBody" type="StaticBody" parent="MeshInstance6"]
collision_layer = 4
collision_mask = 0

[node name="CollisionShape" type="CollisionShape" parent="MeshInstance6/StaticBody"]
shape = SubResource( 7 )
