[gd_scene load_steps=12 format=2]

[ext_resource path="res://assets/fbx/low-poly-village/Rock-2-8.fbx" type="PackedScene" id=1]
[ext_resource path="res://assets/fbx/low-poly-village/Rock-1-8.fbx" type="PackedScene" id=2]
[ext_resource path="res://assets/fbx/low-poly-village/Carrot.fbx" type="PackedScene" id=3]
[ext_resource path="res://assets/fbx/low-poly-village/Frut-1.fbx" type="PackedScene" id=4]
[ext_resource path="res://scripts/Item.gd" type="Script" id=5]
[ext_resource path="res://assets/fbx/low-poly-village/Rock-3-8.fbx" type="PackedScene" id=6]

[sub_resource type="BoxShape" id=1]
extents = Vector3( 1.69794, 1.64173, 1.46616 )

[sub_resource type="Animation" id=4]
length = 0.001
tracks/0/type = "value"
tracks/0/path = NodePath(".:translation")
tracks/0/interp = 1
tracks/0/loop_wrap = true
tracks/0/imported = false
tracks/0/enabled = true
tracks/0/keys = {
"times": PoolRealArray( 0 ),
"transitions": PoolRealArray( 1 ),
"update": 0,
"values": [ Vector3( 0, 0, 0 ) ]
}
tracks/1/type = "value"
tracks/1/path = NodePath(".:rotation_degrees")
tracks/1/interp = 1
tracks/1/loop_wrap = true
tracks/1/imported = false
tracks/1/enabled = true
tracks/1/keys = {
"times": PoolRealArray( 0 ),
"transitions": PoolRealArray( 1 ),
"update": 0,
"values": [ Vector3( 0, 0, 0 ) ]
}
tracks/2/type = "value"
tracks/2/path = NodePath("Pivot:translation")
tracks/2/interp = 1
tracks/2/loop_wrap = true
tracks/2/imported = false
tracks/2/enabled = true
tracks/2/keys = {
"times": PoolRealArray( 0 ),
"transitions": PoolRealArray( 1 ),
"update": 0,
"values": [ Vector3( 0, 0, 0 ) ]
}
tracks/3/type = "value"
tracks/3/path = NodePath("Pivot:rotation_degrees")
tracks/3/interp = 1
tracks/3/loop_wrap = true
tracks/3/imported = false
tracks/3/enabled = true
tracks/3/keys = {
"times": PoolRealArray( 0 ),
"transitions": PoolRealArray( 1 ),
"update": 0,
"values": [ Vector3( 45, 45, 45 ) ]
}

[sub_resource type="Animation" id=3]
resource_name = "angled"
loop = true
tracks/0/type = "value"
tracks/0/path = NodePath("Pivot:translation")
tracks/0/interp = 1
tracks/0/loop_wrap = true
tracks/0/imported = false
tracks/0/enabled = true
tracks/0/keys = {
"times": PoolRealArray( 0, 0.5 ),
"transitions": PoolRealArray( 0.965936, 1.07178 ),
"update": 0,
"values": [ Vector3( 0, 0.2, 0 ), Vector3( 0, 0.4, 0 ) ]
}
tracks/1/type = "value"
tracks/1/path = NodePath("Pivot:rotation_degrees")
tracks/1/interp = 1
tracks/1/loop_wrap = false
tracks/1/imported = false
tracks/1/enabled = true
tracks/1/keys = {
"times": PoolRealArray( 0, 1 ),
"transitions": PoolRealArray( 1, 1 ),
"update": 0,
"values": [ Vector3( 45.01, 0, 45 ), Vector3( 45, 360, 45 ) ]
}

[sub_resource type="Animation" id=6]
resource_name = "flat"
loop = true
tracks/0/type = "value"
tracks/0/path = NodePath("Pivot:translation")
tracks/0/interp = 1
tracks/0/loop_wrap = true
tracks/0/imported = false
tracks/0/enabled = true
tracks/0/keys = {
"times": PoolRealArray( 0, 0.5 ),
"transitions": PoolRealArray( 0.965936, 1.07178 ),
"update": 0,
"values": [ Vector3( 0, 0.2, 0 ), Vector3( 0, 0.4, 0 ) ]
}
tracks/1/type = "value"
tracks/1/path = NodePath("Pivot:rotation_degrees")
tracks/1/interp = 1
tracks/1/loop_wrap = false
tracks/1/imported = false
tracks/1/enabled = true
tracks/1/keys = {
"times": PoolRealArray( 0, 1 ),
"transitions": PoolRealArray( 1, 1 ),
"update": 0,
"values": [ Vector3( 0, 0, 0 ), Vector3( 0, 360, 0 ) ]
}

[sub_resource type="CylinderShape" id=5]
radius = 5.0
height = 5.0

[node name="Item" type="KinematicBody" groups=["item"]]
collision_layer = 2
collision_mask = 0
script = ExtResource( 5 )

[node name="Pivot" type="Spatial" parent="."]
transform = Transform( 0.213388, -0.0366116, 0.125, 0.125, 0.125, -0.176777, -0.0366116, 0.213388, 0.125, 0, 0, 0 )

[node name="Default" parent="Pivot" instance=ExtResource( 3 )]
transform = Transform( 4, 0, 0, 0, 4, 0, 0, 0, 4, 0, -2.50911, 0 )
visible = false

[node name="Stone" parent="Pivot" instance=ExtResource( 2 )]
transform = Transform( 4, 0, 0, 0, 4, 0, 0, 0, 4, 0, 0, 0 )
visible = false

[node name="Tree" parent="Pivot" instance=ExtResource( 4 )]
transform = Transform( 4, 0, 0, 0, 4, 0, 0, 0, 4, 0, 0, 0 )
visible = false

[node name="Copper" parent="Pivot" instance=ExtResource( 1 )]
transform = Transform( 4, 0, 0, 0, 4, 0, 0, 0, 4, 0, 0, 0 )
visible = false

[node name="Iron" parent="Pivot" instance=ExtResource( 6 )]
transform = Transform( 4, 0, 0, 0, 4, 0, 0, 0, 4, 0, 0, 0 )
visible = false

[node name="CollisionShape" type="CollisionShape" parent="."]
transform = Transform( 0.25, 0, 7.45058e-09, 7.45058e-09, 0.25, 7.45058e-09, -7.45058e-09, -1.49012e-08, 0.25, 0.0130025, -0.00185907, 0.0189604 )
shape = SubResource( 1 )

[node name="VisibilityNotifier" type="VisibilityNotifier" parent="."]
transform = Transform( 1, 0, 0, 0, 1, 0, 0, 0, 1, 0, 0.273668, 0.243378 )
aabb = AABB( -0.43957, -0.707, -0.776102, 0.87914, 0.963804, 1.06099 )

[node name="AnimationPlayer" type="AnimationPlayer" parent="."]
autoplay = "flat"
anims/RESET = SubResource( 4 )
anims/angled = SubResource( 3 )
anims/flat = SubResource( 6 )

[node name="PlayerDetector" type="Area" parent="."]
monitorable = false

[node name="CollisionShape" type="CollisionShape" parent="PlayerDetector"]
shape = SubResource( 5 )

[connection signal="screen_exited" from="VisibilityNotifier" to="." method="_on_VisibilityNotifier_screen_exited"]
[connection signal="body_entered" from="PlayerDetector" to="." method="_on_PlayerDetector_body_entered"]
[connection signal="body_exited" from="PlayerDetector" to="." method="_on_PlayerDetector_body_exited"]
